<?xml version="1.0" encoding="UTF-8"?><record xmlns="http://www.loc.gov/MARC21/slim" xmlns:cinclude="http://apache.org/cocoon/include/1.0" xmlns:zs="http://www.loc.gov/zing/srw/">
  <leader>00484nz  a2200133n  4500</leader>
  <controlfield tag="001">n  96086673 </controlfield>
  <controlfield tag="003">DLC</controlfield>
  <controlfield tag="005">19960909075554.9</controlfield>
  <controlfield tag="008">960906n| acannaab|          |a aaa |||  </controlfield>
  <datafield tag="010" ind1=" " ind2=" ">
    <subfield code="a">n  96086673 </subfield>
  </datafield>
  <datafield tag="040" ind1=" " ind2=" ">
    <subfield code="a">DLC</subfield>
    <subfield code="c">DLC</subfield>
  </datafield>
  <datafield tag="100" ind1="1" ind2="0">
    <subfield code="a">Baranov, A. G.</subfield>
    <subfield code="q">(Anatoliĭ Grigorʹevich)</subfield>
  </datafield>
  <datafield tag="400" ind1="1" ind2="0">
    <subfield code="a">Baranov, Anatoliĭ Grigorʹevich</subfield>
  </datafield>
  <datafield tag="670" ind1=" " ind2=" ">
    <subfield code="a">Funkt︠s︡ionalʹno-pragmaticheskai︠a︡ kont︠s︡ept︠s︡ii︠a︡ teksta, 1991:</subfield>
    <subfield code="b">t.p. (A.G. Baranov) colophon (Baranov, Anatoliĭ Grigorʹevich)</subfield>
  </datafield>
</record>